<record><leader>00000cas a22000007a 4500</leader><controlfield tag="001">12460844</controlfield><controlfield tag="008">850831d19141917iauwr ne      0    0eng d</controlfield><datafield ind1=" " ind2=" " tag="010"><subfield code="a">sn 85050906 </subfield></datafield><datafield ind1=" " ind2=" " tag="040"><subfield code="a">INP</subfield><subfield code="b">eng</subfield><subfield code="c">INP</subfield><subfield code="d">OCLCQ</subfield></datafield><datafield ind1=" " ind2=" " tag="042"><subfield code="a">msc</subfield></datafield><datafield ind1="0" ind2="0" tag="245"><subfield code="a">Pilot Mound leader.</subfield></datafield><datafield ind1=" " ind2=" " tag="260"><subfield code="a">Pilot Mound, Iowa :</subfield><subfield code="b">Tom Caverly</subfield></datafield><datafield ind1=" " ind2=" " tag="300"><subfield code="a">v. :</subfield><subfield code="b">ill. ;</subfield><subfield code="c">55-58 cm.</subfield></datafield><datafield ind1=" " ind2=" " tag="310"><subfield code="a">Weekly</subfield></datafield><datafield ind1="1" ind2=" " tag="362"><subfield code="a">Issued 1914-1917.</subfield><subfield code="z">Cf. Bibl. of Iowa newspapers.</subfield></datafield><datafield ind1=" " ind2=" " tag="500"><subfield code="a">Publishers: Arthur D. Lantz, Apr. 1-Sept. 30, 1915; Lee E. Johnson, Oct. 7, 1915-Mar. 15, 1917; C. McCracken, Mar. 26-May 10, 1917; Leader Print Co., May 17, 1917-</subfield></datafield><datafield ind1=" " ind2=" " tag="500"><subfield code="a">"A newspaper with a punch and without a kick," Feb. 17, 1916-Mar. 15, 1917; "Independent in politics--principle before party," May 17, 1917-</subfield></datafield><datafield ind1=" " ind2=" " tag="500"><subfield code="a">Editors: Lee E. Johnson, Oct. 7, 1915-Mar. 15, 1917; W.F. Johnston, Mar. 26-May 10, 1917; E.R. Doty, &lt;Nov. 1, 1917&gt;.</subfield></datafield><datafield ind1=" " ind2=" " tag="515"><subfield code="a">No issue published Mar. 22, 1917.</subfield></datafield><datafield ind1=" " ind2=" " tag="588"><subfield code="a">Description based on: Vol. 1, no. 7 (Jan. 14, 1915).</subfield></datafield><datafield ind1=" " ind2=" " tag="752"><subfield code="a">United States</subfield><subfield code="b">Iowa</subfield><subfield code="c">Boone</subfield><subfield code="d">Pilot Mound.</subfield></datafield><datafield ind1="1" ind2=" " tag="029"><subfield code="a">AU@</subfield><subfield code="b">000025789484</subfield></datafield></record>